@ELECTRONIC{dellDVD,
  author = {{DELL}},
  year = {13.12.2008},
  title = {{DELL DVDStore}},
  url = {http://linux.dell.com/dvdstore},
  timestamp = {2008.12.13}
}

@BOOK{kemperbi,
  title = {Business Intelligence -- Grundlagen und praktische Anwendungen},
  publisher = {ViewegTeubner},
  year = {2006},
  author = {Hans-Georg Kemper and Walid Mehanna. and Carsten Unger},
  edition = {2. Aufl.},
  timestamp = {2009.01.14}
}

@ELECTRONIC{scdkimball,
  author = {Ralph Kimball},
  year = {1996},
  title = {Slowly Changing Dimensions},
  howpublished = {DBMS Magazine (Online edition)},
  url = {http://www.dbmsmag.com/9604d05.html},
  timestamp = {2009.01.14}
}

@BOOK{dwhtoolkit,
  title = {The Data Warehouse Toolkit. The Complete Guide to Dimensional Modeling},
  publisher = {John Wiley \& Sons},
  year = {2002},
  author = {Ralph Kimball and Mary Ross},
  edition = {2nd ed.},
  timestamp = {2009.01.14}
}


@ELECTRONIC{mysql,
  title = {MySQL},
  url = {http://www.mysql.com},
  timestamp = {2009.01.14}
}

@ELECTRONIC{wikiscd,
  title = {Slowly Changing Dimensions},
  howpublished = {Wikipedia},
  url = {http://de.wikipedia.org/wiki/Slowly_Changing_Dimensions},
  timestamp = {2009.01.14}
}

@ELECTRONIC{wikicrispdm,
  title = {CRISP DM},
  howpublished = {Wikipedia},
  url = {https://en.wikipedia.org/wiki/Cross_Industry_Standard_Process_for_Data_Mining},
  timestamp = {2016.11.20}
}

